@article{ramaswamy2011adaptive,
  title={Adaptive cluster distance bounding for high-dimensional indexing},
  author={Ramaswamy, Sharadh and Rose, Kenneth},
  journal={Knowledge and Data Engineering, IEEE Transactions on},
  volume={23},
  number={6},
  pages={815--830},
  year={2011},
  publisher={IEEE}
}

@inproceedings{navarro2001faster,
  title={Faster approximate string matching over compressed text},
  author={Navarro, Gonzalo and Kida, Takuya and Takeda, Masayuki and Shinohara, Ayumi and Arikawa, Setsuo},
  booktitle={Data Compression Conference, 2001. Proceedings. DCC 2001.},
  pages={459--468},
  year={2001},
  organization={IEEE}
}

@inproceedings{perez2005approximate,
  title={Approximate Searching on Compressed Text},
  author={P{\'e}rez, Carlos Avenda{\~n}o and Uribe, Claudia Feregrino},
  booktitle={Electronics, Communications and Computers, 2005. CONIELECOMP 2005. Proceedings. 15th International Conference on},
  pages={258--261},
  year={2005},
  organization={IEEE}
}

@INPROCEEDINGS{Manber93atext,
    author = {Udi Manber},
    title = {A Text Compression Scheme That Allows Fast Searching Directly In The Compressed File},
    booktitle = {ACM Transactions on Information Systems},
    year = {1993},
    pages = {124--136}
h
